<?xml version="1.0" encoding="UTF-8"?><collection xmlns="http://www.loc.gov/MARC21/slim"><record><leader>00708nam--2200217-u-4500</leader><controlfield tag="001">000052711</controlfield><controlfield tag="002">20161230</controlfield><controlfield tag="005">20161230201050</controlfield><controlfield tag="008">101004s1000------------r-----000-0-eng-d</controlfield><datafield ind1=" " ind2=" " tag="020"><subfield code="a">9789810246013</subfield></datafield><datafield ind1=" " ind2=" " tag="040"><subfield code="a">IFIN-HH</subfield></datafield><datafield ind1=" " ind2=" " tag="080"><subfield code="a">535.233.2:539.182</subfield></datafield><datafield ind1="1" ind2=" " tag="100"><subfield code="a">Taketani, Mituo</subfield></datafield><datafield ind1="1" ind2="0" tag="245"><subfield code="a">The Formation and Logic of Quantum Mechanics</subfield><subfield code="c">Mituo Taketani, Masayuki Nagasaki</subfield></datafield><datafield ind1=" " ind2=" " tag="260"><subfield code="a">Honk Kong</subfield><subfield code="b">World Scientific</subfield><subfield code="c">2001</subfield></datafield><datafield ind1=" " ind2=" " tag="300"><subfield code="a">3 volume</subfield></datafield><datafield ind1=" " ind2=" " tag="500"><subfield code="a">Translation from the Japanese Edition by Masayuki Nagasaki</subfield></datafield><datafield ind1="1" ind2=" " tag="700"><subfield code="a">Nagasaki Masayuki</subfield></datafield><datafield ind1="1" ind2=" " tag="787"><subfield code="a">Vol. III</subfield><subfield code="d">2001</subfield><subfield code="h">xi + 320p</subfield><subfield code="t">The Establisment and Logic of Quantum Mechanics</subfield></datafield><datafield ind1=" " ind2=" " tag="852"><subfield code="a">81764</subfield><subfield code="c">530.14</subfield></datafield><datafield ind1=" " ind2=" " tag="CAT"><subfield code="a">Sys</subfield><subfield code="c">20101004</subfield><subfield code="h">112100</subfield></datafield></record></collection>